@article{Eddy2021Sep,
	author = {Eddy, Tyler D. and Lam, Vicky W. Y. and Reygondeau, Gabriel and Cisneros-Montemayor, Andr\'{e}s M. and Greer, Krista and Palomares, Maria Lourdes D. and Bruno, John F. and Ota, Yoshitaka and Cheung, William W. L.},
	title = {{Global decline in capacity of coral reefs to provide ecosystem services}},
	journal = {One Earth},
	volume = {4},
	number = {9},
	pages = {1278--1285},
	year = {2021},
	issn = {2590-3330},
	publisher = {Elsevier},
	doi = {10.1016/j.oneear.2021.08.016}
}
@article{Moberg1999,
    title = {Ecological goods and services of coral reef ecosystems},
    journal = {Ecological Economics},
    volume = {29},
    number = {2},
    pages = {215-233},
    year = {1999},
    issn = {0921-8009},
    doi = {https://doi.org/10.1016/S0921-8009(99)00009-9},
    url = {https://www.sciencedirect.com/science/article/pii/S0921800999000099},
    author = {Fredrik Moberg and Carl Folke},
    keywords = {Coral reefs, Ecological services, Management, Biodiversity, Resilience, Valuation},
}
@techreport{USACE2004,
  title={Final Environmental Impact Statement for the Miami Harbor},
  author={{U.S. Army Corps of Engineers}},
  year={2004},
  type={Technical Report},
  pages={150},
  url={https://www.saj.usace.army.mil/About/Divisions-Offices/Planning/Environmental-Branch/Environmental-Documents/},
  note={{(Accessed  April 11, 2024)}}
}

@techreport{USACE2023_appendix,
  title={{Final Environmental Assessment : Maintenance Dredging and Dredged Material Placement for Miami Harbor Navigation Project at Port Miami in Miami-Dade County, Florida. Appendix D: Other Reports and Related Documents}},
  author={{U.S. Army Corps of Engineers}},
  type={Technical Report},
  year={2023},
  pages={111},
  url={https://www.saj.usace.army.mil/About/Divisions-Offices/Planning/Environmental-Branch/Environmental-Documents/},
  note={{(Accessed August 7,  2024)}}
}

@article{aeby2019pathogenesis,
  title={Pathogenesis of a tissue loss disease affecting multiple species of corals along the {F}lorida {R}eef {T}ract},
  author={Aeby, Greta and Ushijima, Blake and Campbell, Justin E and Jones, Scott and Williams, Gareth and Meyer, Julie L and Hase, Claudia and Paul, Valerie},
  journal={Frontiers in Marine Science},
  volume={6},
  pages={678},
  year={2019},
  publisher={Frontiers}
}
@article{anselain2023qatar,
  title={{Qatar Peninsula's} vulnerability to oil spills and its implications for the global gas supply},
  author={Anselain, Thomas and Heggy, Essam and Dobbelaere, Thomas and Hanert, Emmanuel},
  journal={Nature Sustainability},
  volume={6},
  number={3},
  pages={273--283},
  year={2023},
  publisher={Nature Publishing Group UK London}
}

@article{barnes2015sediment,
	title={Sediment plumes induced by the {P}ort of {M}iami dredging: {A}nalysis and interpretation using {L}andsat and {MODIS} data},
	author={Barnes, Brian B and Hu, Chuanmin and Kovach, Charles and Silverstein, Rachel N},
	journal={Remote Sensing of Environment},
	volume={170},
	pages={328--339},
	year={2015},
	publisher={Elsevier}
}
@article{bloetscher2014use,
  title={The use of {SF}$_6$ and {GIS} to study farfield modeling of ocean outfall plumes in {Florida}},
  author={Bloetscher, Frederick and Pleitez, Fernando J and Romah, Thomas and Albasri, Ahmed and Dickinson, Chase and El Sharif, Husayn and Matthews, Kevin and Nguyen, Trung-Duong and Riche, Lucrece and Youngman, Frank and others},
  journal={Journal of Environmental Protection},
  volume={2014},
  year={2014},
  publisher={Scientific Research Publishing}
}
@article{breivik2016stokes,
  title={A Stokes drift approximation based on the {Phillips} spectrum},
  author={Breivik, {\O}yvind and Bidlot, Jean-Raymond and Janssen, Peter AEM},
  journal={Ocean Modelling},
  volume={100},
  pages={49--56},
  year={2016},
  publisher={Elsevier}
}

@article{chassignet2007hycom,
  title={The {HYCOM} (hybrid coordinate ocean model) data assimilative system},
  author={Chassignet, Eric P and Hurlburt, Harley E and Smedstad, Ole Martin and Halliwell, George R and Hogan, Patrick J and Wallcraft, Alan J and Baraille, Remy and Bleck, Rainer},
  journal={Journal of Marine Systems},
  volume={65},
  number={1-4},
  pages={60--83},
  year={2007},
  publisher={Elsevier}
}
@dataset{cmems,
  title={{Global Ocean Waves Reanalysis}},
  author={{E.U. Copernicus Marine Service Information (CMEMS)}},
  year={1993--2021},
  publisher={Marine Data Store (MDS)},
  doi={https://doi.org/10.48670/moi-00022}
}
@article{csardi2006igraph,
  title={The igraph software package for complex network research},
  author={Csardi, Gabor and Nepusz, Tamas and others},
  journal={InterJournal, complex systems},
  volume={1695},
  number={5},
  pages={1--9},
  year={2006}
}
@article{cunning2019extensive,
	title={Extensive coral mortality and critical habitat loss following dredging and their association with remotely-sensed sediment plumes},
	author={Cunning, Ross and Silverstein, Rachel N and Barnes, Brian B and Baker, Andrew C},
	journal={Marine pollution bulletin},
	volume={145},
	pages={185--199},
	year={2019},
	publisher={Elsevier}
}
@misc{dial2017,
  title={{Miami Harbor Phase III Federal Channel Expansion Project Permit No. 030572-001-BI: One-Year Post-Construction Impact Assessment for Hardbottom Middle and Outer Reef Benthic Communities at Permanent Sites. Appendix B: LIGHTROOM PHOTOS OF TAGGED CORALS BASELINE THROUGH IMPACT ASSESSMENT}},
  author={{Dial Cordy And Associates}},
  year={2017}
}
@article{dobbelaere2020coupled,
  title={Coupled epidemio-hydrodynamic modeling to understand the spread of a deadly coral disease in {F}lorida},
  author={Dobbelaere, Thomas and Muller, Erinn M and Gramer, Lewis J and Holstein, Daniel M and Hanert, Emmanuel},
  journal={Frontiers in Marine Science},
  volume={7},
  pages={1016},
  year={2020},
  publisher={Frontiers}
}
@article{dobbelaere2022connecting,
  author={Dobbelaere, Thomas and Holstein, Daniel M. and Muller, Erinn M. and Gramer, Lewis J. and McEachron, Lucas and Williams, Sara D. and Hanert, Emmanuel},
  title={Connecting the Dots: {T}ransmission of Stony Coral Tissue Loss Disease From the {M}arquesas to the {D}ry {T}ortugas},
  journal={Frontiers in Marine Science},
  volumne={9},
  year={2022},
  doi={10.3389/fmars.2022.778938}
}
@article{dobbelaere2022impacts,
	title={Impacts of {Hurricane Irma} (2017) on wave-induced ocean transport processes},
	author={Dobbelaere, Thomas and Curcic, Milan and Le H{\'e}naff, Matthieu and Hanert, Emmanuel},
	journal={Ocean Modelling},
	pages={101947},
	year={2022},
	publisher={Elsevier},
	doi={10.1016/j.ocemod.2022.101947}
}
@article{eaton2021measuring,
  title={Measuring stony coral tissue loss disease induction and lesion progression within two intermediately susceptible species, {M}ontastraea cavernosa and {O}rbicella faveolata},
  author={Eaton, Katherine R and Landsberg, Jan H and Kiryu, Yasunari and Peters, Esther C and Muller, Erinn M},
  journal={Frontiers in Marine Science},
  pages={1287},
  year={2021},
  publisher={Frontiers}
}
@article{erftemeijer2012environmental,
  title={Environmental impacts of dredging and other sediment disturbances on corals: a review},
  author={Erftemeijer, Paul LA and Riegl, Bernhard and Hoeksema, Bert W and Todd, Peter A},
  journal={Marine pollution bulletin},
  volume={64},
  number={9},
  pages={1737--1765},
  year={2012},
  publisher={Elsevier}
}
@article{fabricius2005effects,
	title={Effects of terrestrial runoff on the ecology of corals and coral reefs: review and synthesis},
	author={Fabricius, Katharina E},
	journal={Marine pollution bulletin},
	volume={50},
	number={2},
	pages={125--146},
	year={2005},
	publisher={Elsevier}
}
@article{fourney2017additive,
  title={Additive negative effects of anthropogenic sedimentation and warming on the survival of coral recruits},
  author={Fourney, Francesca and Figueiredo, Joana},
  journal={Scientific reports},
  volume={7},
  number={1},
  pages={1--8},
  year={2017},
  publisher={Nature Publishing Group}
}
@article{frys2020fine,
  title={Fine-scale coral connectivity pathways in the {F}lorida {R}eef {T}ract: {I}mplications for conservation and restoration},
  author={Frys, Charles and Saint-Amand, Antoine and Le H{\'e}naff, Matthieu and Figueiredo, Joana and Kuba, Alyson and Walker, Brian and Lambrechts, Jonathan and Vallaeys, Valentin and Vincent, David and Hanert, Emmanuel},
  journal={Frontiers in Marine Science},
  volume={7},
  pages={312},
  year={2020},
  publisher={Frontiers}
}
@article{geuzaine2009gmsh,
  title={Gmsh: A {3-D} finite element mesh generator with built-in pre-and post-processing facilities},
  author={Geuzaine, Christophe and Remacle, Jean-Fran{\c{c}}ois},
  journal={International journal for numerical methods in engineering},
  volume={79},
  number={11},
  pages={1309--1331},
  year={2009},
  publisher={Wiley Online Library}
}
@article{gintert2019regional,
  title={Regional coral disease outbreak overwhelms impacts from a local dredge project},
  author={Gintert, Brooke E and Precht, William F and Fura, Ryan and Rogers, Kristian and Rice, Mike and Precht, Lindsey L and Dâ€™Alessandro, Martine and Croop, Jason and Vilmar, Christina and Robbart, Martha L},
  journal={Environmental monitoring and assessment},
  volume={191},
  number={10},
  pages={1--39},
  year={2019},
  publisher={Springer}
}
@book{gray2000comparability,
  title={Comparability of suspended-sediment concentration and total suspended solids data},
  author={Gray, John R},
  number={4191},
  year={2000},
  publisher={US Department of the interior, US Geological Survey}
}
@article{hamilton1982sound,
  title={Sound velocity and related properties of marine sediments},
  author={Hamilton, Edwin L and Bachman, Richard T},
  journal={The Journal of the Acoustical Society of America},
  volume={72},
  number={6},
  pages={1891--1904},
  year={1982},
  publisher={Acoustical Society of America}
}
@article{heres2021ecological,
  title={Ecological consequences of Stony coral tissue loss disease in the {T}urks and {C}aicos {I}slands},
  author={Heres, Melissa M and Farmer, Benjamin H and Elmer, Franziska and Hertler, Heidi},
  journal={Coral Reefs},
  volume={40},
  number={2},
  pages={609--624},
  year={2021},
  publisher={Springer}
}
@article{jones2015effects,
  title={Effects of sediments on the reproductive cycle of corals},
  author={Jones, Ross and Ricardo, GF and Negri, AP},
  journal={Marine Pollution Bulletin},
  volume={100},
  number={1},
  pages={13--33},
  year={2015},
  publisher={Elsevier}
}
@article{jones2016assessing,
  title={Assessing the impacts of sediments from dredging on corals},
  author={Jones, Ross and Bessell-Browne, Pia and Fisher, Rebecca and Klonowski, Wojciech and Slivkoff, Matthew},
  journal={Marine Pollution Bulletin},
  volume={102},
  number={1},
  pages={9--29},
  year={2016},
  publisher={Elsevier}
}
@article{kendall1983effects,
  title={The effects of drilling fluids (muds) and turbidity on the growth and metabolic state of the coral Acropora cervicornis, with comments on methods of normalization for coral data},
  author={Kendall Jr, JJ and Powell, EN and Connor, SJ and Bright, TJ},
  journal={Bulletin of Marine Science},
  volume={33},
  number={2},
  pages={336--352},
  year={1983},
  publisher={University of Miami-Rosenstiel School of Marine and Atmospheric Science}
}
@article{koopman2006ocean,
  title={Ocean outfall study},
  author={Koopman, Ben and Heaney, James P and Cakir, Fatma Y and Rembold, Matt and Indeglia, Paul and Kini, Gautam},
  journal={Florida Department of Environmental Protection, Tallahassee},
  year={2006}
}
@article{long2002chemical,
  title={Chemical contamination, toxicity, and benthic community indices in sediments of the lower Miami River and adjoining portions of {Biscayne Bay, Florida}},
  author={Long, Edward R and Hameedi, M Jawed and Sloane, Gail M and Read, Lorraine B},
  journal={Estuaries},
  volume={25},
  pages={622--637},
  year={2002},
  publisher={Springer}
}
@techreport{macdonald2006ptm,
  title={{PTM}: particle tracking model. {R}eport 1: {M}odel theory, implementation, and example applications},
  author={MacDonald, Neil J and Davies, Michael H and Zundel, Alan K and Howlett, John D and Demirbilek, Zeki and Gailani, Joseph Z and Lackey, Tahirih C and Smith, Jarrell},
  year={2006},
  institution={{E}ngineer {R}esearch {A}nd {D}evelopment {C}enter {V}icksburg {MS} {C}oastal {A}nd {H}ydraulics {L}ab}
}
@article{muller2020spatial,
  title={Spatial Epidemiology of the {S}tony-{C}oral-{T}issue-{L}oss {D}isease in {F}lorida},
  author={Muller, Erinn M and Sartor, Constance and Alcaraz, Nicholas I and van Woesik, Robert},
  journal={Frontiers in Marine Science},
  volume={7},
  pages={163},
  year={2020},
  publisher={Frontiers}
}
@misc{noaa2023sedimentation,
  title={Examination of Sedimentation Impacts to Coral Reef along the Port Miami Entrance Channel, December 2015 and April 2016},
  author={{NOAA's National Marine Fisheries Service}},
  year={2023},
  month={August},
  day={29},
  url={https://www.ncei.noaa.gov/data/oceans/coris/library/NOAA/CRCP/NMFS/SERO/Projects/30049/Karazsia2023_PortMiami_Dredge_PhaseIII_ImpactAssessment_FinalReport.pdf},
  note={{(Accessed on August 4)}}
}

@article{pollock2014sediment,
  title={Sediment and turbidity associated with offshore dredging increase coral disease prevalence on nearby reefs},
  author={Pollock, F Joseph and Lamb, Joleah B and Field, Stuart N and Heron, Scott F and Schaffelke, Britta and Shedrawi, George and Bourne, David G and Willis, Bette L},
  journal={PLOS one},
  volume={9},
  number={7},
  pages={e102498},
  year={2014}
}

@article{precht2016unprecedented,
  title={Unprecedented disease-related coral mortality in {S}outheastern {F}lorida},
  author={Precht, William F and Gintert, Brooke E and Robbart, Martha L and Fura, Ryan and Van Woesik, Robert},
  journal={Scientific Reports},
  volume={6},
  number={1},
  pages={1--11},
  year={2016},
  publisher={Nature Publishing Group}
}
@article{richardson1998coral,
	title={Coral disease outbreak in the {F}lorida {K}eys: plague type {II}},
	author={Richardson, Laurie L and Goldberg, Walter M and Carlton, Richard G and Halas, John C},
	journal={Revista de Biolog{\'\i}a tropical},
	pages={187--198},
	year={1998}
}
@article{rosales2019oceanographic,
  title={Oceanographic habitat and the coral microbiomes of urban-impacted reefs},
  author={Rosales, Stephanie M and Sinigalliano, Christopher and Gidley, Maribeth and Jones, Paul R and Gramer, Lewis J},
  journal={PeerJ},
  volume={7},
  pages={e7552},
  year={2019},
  publisher={PeerJ Inc.}
}
@article{rosales2020rhodobacterales,
  title={Rhodobacterales and {R}hizobiales Are Associated With Stony Coral Tissue Loss Disease and Its Suspected Sources of Transmission},
  author={Rosales, Stephanie M and Clark, Abigail S and Huebner, Lindsay K and Ruzicka, Rob R and Muller, Erinn},
  journal={Frontiers in Microbiology},
  volume={11},
  pages={681},
  year={2020},
  publisher={Frontiers}
}
@article{saint2022quantifying,
  title={Quantifying the environmental impact of a major coal mine project on the adjacent Great Barrier Reef ecosystems},
  author={Saint-Amand, Antoine and Grech, Alana and Choukroun, Severine and Hanert, Emmanuel},
  journal={Marine Pollution Bulletin},
  volume={179},
  pages={113656},
  year={2022},
  publisher={Elsevier}
}
@inproceedings{soulsby1997threshold,
  title={Threshold of sediment motion in coastal environments},
  author={Soulsby, RL and Whitehouse, RJS and others},
  booktitle={Pacific Coasts and Ports'97. Proceedings},
  volume={1},
  pages={149--154},
  year={1997}
}
@article{spadafore2021multi,
  title={{Multi-variate analyses of coral mortality from the 2014--2015 stony coral tissue loss disease outbreak off Miami-Dade County, Florida}},
  author={Spadafore, Rachele and Fura, Ryan and Precht, William F and Vollmer, Steven V},
  journal={Frontiers in Marine Science},
  volume={8},
  pages={723998},
  year={2021},
  publisher={Frontiers Media SA}
}
@misc{staletovich2017,
    author={Staletovich, J},
    year={2017},
    title={Miamiâ€™s sewage is supposed to be pumped offshore but the pipe has sprung a leak},
    journal={Miami Herald â€“ Environment (July 31, 2017)},
    url={https://www.miamiherald.com/news/local/environment/article164655777.html}
}
@misc{staletovich2017drifter,
    author={Staletovich, J},
    year={2017},
    title={{Miami sewage leak didn't stay at sea; it flowed toward wildlife preserve, ritzy residences}},
    journal={Miami Herald â€“ Environment (August 11, 2017)},
    url={https://www.miamiherald.com/news/local/environment/article164655777.html}
}
@article{storlazzi2015influence,
	title={The influence of grain size, grain color, and suspended-sediment concentration on light attenuation: {W}hy fine-grained terrestrial sediment is bad for coral reef ecosystems},
	author={Storlazzi, Curt D and Norris, Ben K and Rosenberger, Kurt J},
	journal={Coral Reefs},
	volume={34},
	number={3},
	pages={967--975},
	year={2015},
	publisher={Springer}
}
@article{studivan2022reef,
  title={Reef Sediments Can Act As a Stony Coral Tissue Loss Disease Vector},
  author={Studivan, Michael S and Rossin, Ashley M and Rubin, Ewelina and Soderberg, Nash and Holstein, Daniel M and Enochs, Ian C},
  journal={Frontiers in Marine Science},
  pages={2046},
  year={2022},
  publisher={Frontiers}
}
@book{thackston2000improved,
  title={Improved methods for correlating turbidity and suspended solids for monitoring},
  author={Thackston, EL and Palermo, Michael R},
  year={2000},
  publisher={US Army Engineer Research and Development Center}
}
@article{wanninkhof2005farfield,
  title={Farfield tracing of a point source discharge plume in the coastal ocean using sulfur hexafluoride},
  author={Wanninkhof, Rik and Sullivan, Kevin F and Dammann, W Paul and Proni, John R and Bloetscher, Frederick and Soloviev, Alexander V and Carsey, Thomas P},
  journal={Environmental science \& technology},
  volume={39},
  number={22},
  pages={8883--8890},
  year={2005},
  publisher={ACS Publications}
}
@article{wolanski2005fine,
  title={Fine sediment budget on an inner-shelf coral-fringed island, {G}reat {B}arrier {R}eef of {A}ustralia},
  author={Wolanski, Eric and Fabricius, Katharina and Spagnol, Simon and Brinkman, Richard},
  journal={Estuarine, Coastal and Shelf Science},
  volume={65},
  number={1-2},
  pages={153--158},
  year={2005},
  publisher={Elsevier}
}
